
@online{noauthor_grundlagen_nodate,
	title = {Grundlagen der Robotik - 5720a781-07f4-46c3-8e44-49e0b0dd2d03},
	url = {https://content-select.com/media/moz_viewer/5720a781-07f4-46c3-8e44-49e0b0dd2d03/language:de},
	urldate = {2022-05-17},
	file = {Grundlagen der Robotik - 5720a781-07f4-46c3-8e44-49e0b0dd2d03:C\:\\Users\\kaisc\\Zotero\\storage\\UKB2ACR5\\languagede.html:text/html},
}

@book{husty_kinematik_1997,
	location = {Berlin, Heidelberg},
	title = {Kinematik und Robotik},
	isbn = {978-3-642-63822-0 978-3-642-59029-0},
	url = {http://link.springer.com/10.1007/978-3-642-59029-0},
	publisher = {Springer Berlin Heidelberg},
	author = {Husty, Manfred and Karger, Adolf and Sachs, Hans and Steinhilper, Waldemar},
	urldate = {2022-05-17},
	date = {1997},
	langid = {german},
	doi = {10.1007/978-3-642-59029-0},
	file = {Husty et al. - 1997 - Kinematik und Robotik.pdf:C\:\\Users\\kaisc\\Zotero\\storage\\KSJ6U8NN\\Husty et al. - 1997 - Kinematik und Robotik.pdf:application/pdf},
}

@book{weber_industrieroboter_2019,
	location = {München},
	edition = {4},
	title = {Industrieroboter: Methoden der Steuerung und Regelung},
	isbn = {978-3-446-45952-6 978-3-446-46060-7},
	url = {https://www.hanser-elibrary.com/doi/book/10.3139/9783446460607},
	shorttitle = {Industrieroboter},
	publisher = {Carl Hanser Verlag {GmbH} \& Co. {KG}},
	author = {Weber, Wolfgang},
	urldate = {2022-05-19},
	date = {2019-08-05},
	langid = {german},
	doi = {10.3139/9783446460607},
}

@inbook{brommundt_vorwort_2019,
	title = {Vorwort},
	isbn = {978-3-11-064357-2},
	url = {https://www.degruyter.com/document/doi/10.1515/9783110643572-201/html},
	pages = {V--VI},
	booktitle = {Technische Mechanik},
	publisher = {De Gruyter},
	bookauthor = {Brommundt, Eberhard and Sachs, Gottfried and Sachau, Delf},
	urldate = {2022-05-19},
	date = {2019-08-05},
	langid = {german},
	doi = {10.1515/9783110643572-201},
	file = {2019 - Vorwort.pdf:C\:\\Users\\kaisc\\Zotero\\storage\\ZMIFCLE3\\2019 - Vorwort.pdf:application/pdf},
}

@book{dreyer_technische_2012,
	location = {Wiesbaden},
	title = {Technische Mechanik Kinematik und Kinetik},
	isbn = {978-3-8348-1816-4 978-3-8348-2239-0},
	url = {http://link.springer.com/10.1007/978-3-8348-2239-0},
	publisher = {Springer Fachmedien Wiesbaden},
	author = {Dreyer, Hans-Joachim and Eller, Conrad and Holzmann, Günther and Meyer, Heinz and Schumpich, Georg},
	urldate = {2022-05-19},
	date = {2012},
	langid = {german},
	doi = {10.1007/978-3-8348-2239-0},
	file = {Dreyer et al. - 2012 - Technische Mechanik Kinematik und Kinetik.pdf:C\:\\Users\\kaisc\\Zotero\\storage\\9L8HUFJV\\Dreyer et al. - 2012 - Technische Mechanik Kinematik und Kinetik.pdf:application/pdf},
}

@book{mareczek_grundlagen_2020,
	location = {Berlin, Heidelberg},
	title = {Grundlagen der Roboter-Manipulatoren – Band 1: Modellbildung von Kinematik und Dynamik},
	isbn = {978-3-662-52758-0 978-3-662-52759-7},
	url = {http://link.springer.com/10.1007/978-3-662-52759-7},
	shorttitle = {Grundlagen der Roboter-Manipulatoren – Band 1},
	publisher = {Springer Berlin Heidelberg},
	author = {Mareczek, Jörg},
	urldate = {2022-05-26},
	date = {2020},
	langid = {german},
	doi = {10.1007/978-3-662-52759-7},
	file = {Mareczek - 2020 - Grundlagen der Roboter-Manipulatoren – Band 1 Mod.pdf:C\:\\Users\\kaisc\\Zotero\\storage\\NLZLQRE2\\Mareczek - 2020 - Grundlagen der Roboter-Manipulatoren – Band 1 Mod.pdf:application/pdf},
}

@incollection{decker_robotik_2021,
	location = {Stuttgart},
	title = {Robotik},
	isbn = {978-3-476-04901-8},
	url = {https://doi.org/10.1007/978-3-476-04901-8_75},
	abstract = {Spätestens mit Ron Arkins (2008) Überlegungen, autonome Robotersysteme, die in der Lage sind zu töten, mit ethischen Regeln auszustatten, hat die Technikethik ein neues Betätigungsfeld erhalten. Es geht nun um ethisches Handeln mit Robotern und von Robotern. Nach welchen ethischen Regeln töten Menschen im Kriegsfalle? Und sind das die Regeln, die man auch einem technischen System implementiert, wenn es den Menschen als Akteur ersetzt?},
	pages = {393--397},
	booktitle = {Handbuch Technikethik},
	publisher = {J.B. Metzler},
	author = {Decker, Michael},
	editor = {Grunwald, Armin and Hillerbrand, Rafaela},
	urldate = {2022-06-08},
	date = {2021},
	langid = {german},
	doi = {10.1007/978-3-476-04901-8_75},
}

@article{Spur+2001+150+151,
	author = {Günter Spur},
	doi = {doi:10.3139/104.100397},
	url = {https://doi.org/10.3139/104.100397},
	title = {Innovationskraft der Automatisierungstechnik},
	journal = {Zeitschrift für wirtschaftlichen Fabrikbetrieb},
	number = {4},
	volume = {96},
	year = {2001},
	pages = {150--151},
	lastchecked = {2022-06-08}
}

@book{brillowski_einfuhrung_2004,
	location = {Aachen},
	title = {Einführung in die Robotik},
	isbn = {3-8322-3416-0},
	publisher = {Shaker Verlag},
	author = {Brillowski, Klaus},
	date = {2004},
	langid = {german},
}