
@booklet{noauthor_uber_nodate,
	title = {Über {INFORM}},
	url = {https://www.inform-software.de/unternehmen/ueber-inform},
	abstract = {Digital Decision Making ergänzt die Unternehmens-IT um Künstliche Intelligenz (KI) und verschafft Unternehmen damit einen einzigartigen Wettbewerbsvorteil.},
	language = {de},
	howpublished = {zuletzt geprüft am 22.12.2022},
}

@article{datalogRecursiveQueryProcessing,
	title ={Datalog and {Recursive} {Query} {Processing}},
	journal = {Foundations and {Trends®} in {Databases}},
	author = {Green, Todd J. and Huang, Shan Shan and Loo, Boon Thau and Zhou, Wenchao},
	year = {2012},
	volume = {5},
	number = {2}
}

@article{harland_supply_1996,
	title = {Supply {Chain} {Management}: {Relationships}, {Chains} and {Networks}},
	volume = {7},
	number = {s1},
	journal = {British Journal of Management},
	author = {Harland, C. M.},
	year = {1996},
}

@misc{noauthor_workforce_nodate,
	title = {Workforce {Management} - {Komplexität} einfach beherrschen},
	url = {https://www.inform-software.de/workforcemanagement},
	abstract = {Workforce Management findet im Spannungsfeld von Ar­beits­zeit­flexi­bilisierung, Mitar­bei­terbedürfnissen und Serviceniveau statt. Mit optimierter Personaleinsatzplanung wird der Arbeitszeiteinsatz trotz Bedarfs­schwankungen und kurzfristiger Änderungen kosteneffizient und bedarfsgerecht.},
	language = {de},
	howpublished = {zuletzt geprüft am 22.12.2022}
}

@misc{inform_gmbh_overview_2020,
	title = {Overview {Back}-end},
	author = {INFORM},
	month = jul,
	year = {2020},
}

@misc{noauthor_roxx_nodate,
	title = {Roxx - {GB70} {Workforce} {Management} - {INFORM} {Confluence}},
	url = {https://confluence.inform-software.com/display/WFM/Roxx},
	howpublished = {zuletzt geprüft am 22.12.2022}
}

@misc{sprint_review,
	title = {Sprint {Review} - 22 {S}15 - {Declare It!}},
	url = {https://confluence.inform-software.com/pages/viewpage.action?pageId=117836769},
	howpublished = {zuletzt geprüft am 23.12.2022}
}

@misc{clients,
	title = {WorkforcePlus - {Clients} },
	url = {https://confluence.inform-software.com/display/WFM/WorkforcePlus+-+Clients},
	howpublished = {zuletzt geprüft am 23.12.2022}
}

@book{cremers_deduktive_1994,
	title = {Deduktive {Datenbanken}},
	isbn = {978-3-528-04700-9},
	author = {Cremers, Armin B. and Griefahn, Ulrike and Hinze, Ralf},
	year = {1994},
}

@book{kohn_wirtschaftsmathe,
	title = {Mathematik für Wirtschaftsinformatiker},
	isbn = {978-3-662-59467-4},
	author = {Kohn, Wolfgang and Tamm, Ulrich},
	year = {2019},
}

@book{heinisch_java_2000,
	title = {Java als erste {Programmiersprache}},
	isbn = {978-3-8348-0656-7},
	author = {Heinisch, Cornelia and Müller-Hofmann, Frank and Goll, Joachim},
	year = {2000},
}



@manual{java_doc,
	title = {Interface {Comparator}},
	url = {https://docs.oracle.com/en/java/javase/18/docs/api/java.base/java/util/Comparator.html},
		howpublished = {zuletzt geprüft am 23.12.2022}
}




