
@article{datalogRecursiveQueryProcessing,
	title ={Datalog and {Recursive} {Query} {Processing}},
	journal = {Foundations and {Trends®} in {Databases}},
	author = {Green, Todd J. and Huang, Shan Shan and Loo, Boon Thau and Zhou, Wenchao},
	year = {2012},
	volume = {5},
	number = {2}
}

@article{macro,
	title ={The {History} of {Macro} {Processors} in {Programming} {Language} {Extensibility}},
	journal = {The {Computer} {Journal}},
	author = {Paul J. Layzell},
	year = {1985},
	volume = {28},
	number = {1}
}

@article{ql,
	title ={{QL}: {Object-oriented} {Queries} on {Relational} {Data}},
	author = {Avgustinov, Pavel and de Moor, Oege and Peyton Jones, Michael and Schäfer, Max},
	year = {2016}
}

@book{prolog,
	title = {Prolog},
	isbn = {978-3-519-02484-2},
	author = {Kleine Büning, H and Schmitgen, S},
	year = {2000},
}

@misc{noauthor_workforce_nodate,
	title = {Workforce {Management} - {Komplexität} einfach beherrschen},
	url = {https://www.inform-software.de/workforcemanagement},
	abstract = {Workforce Management findet im Spannungsfeld von Ar­beits­zeit­flexi­bilisierung, Mitar­bei­terbedürfnissen und Serviceniveau statt. Mit optimierter Personaleinsatzplanung wird der Arbeitszeiteinsatz trotz Bedarfs­schwankungen und kurzfristiger Änderungen kosteneffizient und bedarfsgerecht.},
	language = {de},
	howpublished = {zuletzt geprüft am 22.12.2022}
}

@book{cremers_deduktive_1994,
	title = {Deduktive {Datenbanken}},
	isbn = {978-3-528-04700-9},
	author = {Cremers, Armin B. and Griefahn, Ulrike and Hinze, Ralf},
	year = {1994},
}

@book{kohn_wirtschaftsmathe,
	title = {Mathematik für Wirtschaftsinformatiker},
	isbn = {978-3-662-59467-4},
	author = {Kohn, Wolfgang and Tamm, Ulrich},
	year = {2019},
}

@book{kunstDesZaehlens,
title = {Die Kunst des Zählens},
isbn = {978-3-658-24696-9},
author = {Stefan Schäffler},
year = {2019}
}

@book{graphentheorie,
title = {Algorithmische Graphenthoerie},
isbn = {978-3-11-041727-2},
author = {Turau, Volker and Weyer, Christoph},
year = {2015}}

@book{dsls,
title = {Domain-Specific Languages},
isbn = {978-0-321-71294-3},
author = {Fowler, Martin and Parsons, Rebecca},
year = {2011}}

@book{groovy,
title = {Learning Groovy},
isbn = {978-1-4842-2117-4},
author = {Davis, Adam L.},
year = {2016}}

@book{groovyInAction,
	title = {Groovy in Action},
	isbn = {9781935182443},
	author= {König, Dierk and King, Paul},
	year = {2015}
}

@manual{groovy_doc,
	title = {Class {Object}},
	url = {https://docs.groovy-lang.org/latest/html/groovy-jdk/java/lang/Object.html#use(java.lang.Class,%20groovy.lang.Closure)},
	howpublished = {zuletzt geprüft am 02.02.2023}
}

@misc{sprint_review,
	title = {Sprint {Review} - 22 {S}15 - {Declare It!}},
	author = {INFORM},
	month = nov,
	year = {2022},
}

@inproceedings{noauthor_roxx_nodate,
	title = {Real-World Staff Rostering via Branch-and-Price in a Declarative Framework},
	pages = {445--451},
	booktitle = {Operations Research Proceedings 2018},
	publisher = {Springer International Publishing},
	author = {Bender, Marco and Berckey, Sebastian and Elberfeld, Michael and Herbers, Jörg},
	date = {2019},
}

@misc{inform_gmbh_overview_2020,
	title = {Overview {Backend}},
	author = {INFORM},
	month = jul,
	year = {2020},
}

@manual{java_doc,
	title = {Interface {Comparator}},
	url = {https://docs.oracle.com/en/java/javase/18/docs/api/java.base/java/util/Comparator.html},
	howpublished = {zuletzt geprüft am 10.02.2023}
}

@manual{java_pair,
	title = {Class {Pair}},
	url = {https://docs.oracle.com/javase/9/docs/api/javafx/util/Pair.html},
	howpublished = {zuletzt geprüft am 13.02.2023}
}

@book{heinisch_java_2000,
	title = {Java als erste {Programmiersprache}},
	isbn = {978-3-8348-0656-7},
	author = {Heinisch, Cornelia and Müller-Hofmann, Frank and Goll, Joachim},
	year = {2000},
}

@manual{groovy_,
	title = {Groovy},
	url = {http://www.groovy-lang.org/},
	howpublished = {zuletzt geprüft am 21.02.2023}
}

@book{foundations,
	title = {Foundations of {Databases}},
	author = {Abiteboul, Serge and Hull, Richard and Vianu, Victor},
	year = {1995}
}

